@book{Letessier:2002ony,
place={Cambridge},
series={Cambridge Monographs on Particle Physics, Nuclear Physics and Cosmology},
title={Hadrons and Quark\textendash{}Gluon Plasma},
doi={10.1017/9781009290753},
publisher={Cambridge University Press},
author={Letessier, J. and Rafelski, J.},
year={2023},
collection={Cambridge Monographs on Particle Physics, Nuclear Physics and Cosmology},
note={\emph{Open access.} [orig. pub. 2002]}
}
@book{greiner2012thermodynamics,
title={Thermodynamics and statistical mechanics},
author={Greiner, W. and Neise, L. and St{\"o}cker, H.},
year={2012},
publisher={Springer Science \& Business Media},
doi={10.1007/978-1-4612-0827-3},
note={[orig. pub. 1995]}
}
@article{Fromerth:2012fe,
author = "Fromerth, M. J. and Kuznetsova, I. and Labun, L. and Letessier, J. and Rafelski, J.",
editor = "Praszalowicz, M.",
title = "{From Quark-Gluon Universe to Neutrino Decoupling: 200 \ensuremath{<} T \ensuremath{<} 2MeV}",
eprint = "1211.4297",
archivePrefix = "arXiv",
primaryClass = "nucl-th",
doi = "10.5506/APhysPolB.43.2261",
journal = "Acta Phys. Polon. B",
volume = "43",
number = "12",
pages = "2261--2284",
year = "2012"
}
@article{Canetti:2012zc,
author = "Canetti, L. and Drewes, M. and Shaposhnikov, M.",
title = "{Matter and Antimatter in the Universe}",
eprint = "1204.4186",
archivePrefix = "arXiv",
primaryClass = "hep-ph",
reportNumber = "TTK-12-04",
doi = "10.1088/1367-2630/14/9/095012",
journal = "New J. Phys.",
volume = "14",
pages = "095012",
year = "2012"
}
@book{Arfken:2011abc,
title={Mathematical methods for physicists: a comprehensive guide},
author={Arfken, G. B. and Weber, H. J. and Harris, F. E.},
year={2012},
doi="10.1016/C2009-0-30629-7",
publisher={Academic press}
}
@article{Elze:1980er,
author = "Elze, H. T. and Greiner, W. and Rafelski, J.",
title = "{The relativistic Fermi gas revisited}",
doi = "10.1088/0305-4616/6/9/003",
journal = "J. Phys. G",
volume = "6",
pages = "L149--L153",
year = "1980"
}
@book{Melrose:2008abc,
title={Quantum plasmadynamics: Magnetized plasmas},
author={Melrose, D.},
year={2013},
publisher={Springer},
doi={10.1007/978-1-4614-4045-1}
}
@article{Steinmetz:2023nsc,
    author = "Steinmetz, Andrew and Yang, Cheng Tao and Rafelski, Johann",
    title = "{Matter-antimatter origin of cosmic magnetism}",
    eprint = "2308.14818",
    archivePrefix = "arXiv",
    primaryClass = "hep-ph",
    doi = "10.1103/PhysRevD.108.123522",
    journal = "Phys. Rev. D",
    volume = "108",
    number = "12",
    pages = "123522",
    year = "2023"
}
@article{Rafelski:2023emw,
author = "Rafelski, J. and Birrell, J. and Steinmetz, A. and Yang, C. T.",
title = "{A Short Survey of Matter-Antimatter Evolution in the Primordial Universe}",
archivePrefix = "arXiv",
eprint = "2305.09055",
primaryClass = "hep-th",
doi = "10.3390/universe9070309",
journal = "Universe",
volume = "9",
number = "7",
pages = "309",
year = "2023"
}
@article{Yang:2021bko,
author = "Yang, C. T. and Rafelski, J.",
title = "{Cosmological strangeness abundance}",
eprint = "2108.01752",
archivePrefix = "arXiv",
primaryClass = "hep-ph",
doi = "10.1016/j.physletb.2022.136944",
journal = "Phys. Lett. B",
volume = "827",
pages = "136944",
year = "2022"
}
@article{Rafelski:2021aey,
author = "Rafelski, J. and Yang, C. T.",
title = "{The muon abundance in the primordial Universe}",
eprint = "2103.07812",
archivePrefix = "arXiv",
primaryClass = "hep-ph",
doi = "10.5506/APhysPolB.52.277",
journal = "Acta Phys. Polon. B",
volume = "52",
pages = "277",
year = "2021"
}
@article{Grayson:2023flr,
author = "Grayson, C. and Yang, C. T. and Formanek, M. and Rafelski, J.",
title = "{Electron\textendash{}positron plasma in BBN: Damped-dynamic screening}",
eprint = "2307.11264",
archivePrefix = "arXiv",
primaryClass = "astro-ph.CO",
doi = "10.1016/j.aop.2023.169453",
journal = "Annals Phys.",
volume = "458",
pages = "169453",
year = "2023"
}
@article{Ferrer:2019xlr,
author = "Ferrer, E. J. and Hackebill, A.",
title = "{Thermodynamics of Neutrons in a Magnetic Field and its Implications for Neutron Stars}",
eprint = "1903.08224",
archivePrefix = "arXiv",
primaryClass = "nucl-th",
doi = "10.1103/PhysRevC.99.065803",
journal = "Phys. Rev. C",
volume = "99",
number = "6",
pages = "065803",
year = "2019"
}
@article{Ferrer:2023pgq,
author = "Ferrer, E. J. and Hackebill, A.",
title = "{The Importance of the Pressure Anisotropy Induced by Strong Magnetic Fields on Neutron Star Physics}",
doi = "10.1088/1742-6596/2536/1/012007",
journal = "J. Phys. Conf. Ser.",
volume = "2536",
number = "1",
pages = "012007",
year = "2023"
}
@article{Kaspi:2017fwg,
author = "Kaspi, Victoria M. and Beloborodov, Andrei",
title = "{Magnetars}",
eprint = "1703.00068",
archivePrefix = "arXiv",
primaryClass = "astro-ph.HE",
doi = "10.1146/annurev-astro-081915-023329",
journal = "Ann. Rev. Astron. Astrophys.",
volume = "55",
pages = "261--301",
year = "2017"
}
@article{Rafelski:2020ajx,
author = "Rafelski, J. and Yang, C. T.",
title = "{Reactions Governing Strangeness Abundance in Primordial Universe}",
eprint = "2009.05661",
archivePrefix = "arXiv",
primaryClass = "hep-ph",
doi = "10.1051/epjconf/202225913001",
journal = "EPJ Web Conf.",
volume = "259",
pages = "13001",
year = "2022"
}
@book{Gradshteyn:1943cpj,
    author = "Gradshteyn, I. S. and Ryzhik, I. M.",
    title = "{Table of Integrals, Series, and Products, 7th edition}",
    isbn = "978-0-12-294757-5, 978-0-12-294757-5",
    year = "2007",
    publisher = "Academic Press",
    address = "Burlington, MA"
}
@book{landau2013statistical,
  title={Course of Theoretical Physics, Volume 5, Statistical Physics, Part 1, 3rd edition},
  author={Landau, Lev Davidovich and Lifshitz, Evgenii Mikhailovich},
  year={1980},
  publisher={Pergamon Press},
  address = "Elmsford, NY"
}