@book{letessier_rafelski_2023, 
place={Cambridge}, 
series={Cambridge Monographs on Particle Physics, Nuclear Physics and Cosmology}, 
title={Hadrons and Quarkâ€“Gluon Plasma}, 
DOI={10.1017/9781009290753}, 
publisher={Cambridge University Press}, 
author={Letessier, Jean and Rafelski, Johann}, 
year={2023},
collection={Cambridge Monographs on Particle Physics, Nuclear Physics and Cosmology}
}